@Inbook{saeys2008,
  author="Saeys, Yvan
  and Abeel, Thomas
  and Van de Peer, Yves",
  editor="Daelemans, Walter
  and Goethals, Bart
  and Morik, Katharina",
  title="Robust Feature Selection Using Ensemble Feature Selection Techniques",
  bookTitle="Machine Learning and Knowledge Discovery in Databases: European Conference, ECML PKDD 2008, Antwerp, Belgium, September 15-19, 2008, Proceedings, Part II",
  year="2008",
  publisher="Springer Berlin Heidelberg",
  address="Berlin, Heidelberg",
  pages="313--325",
  isbn="978-3-540-87481-2",
  doi="10.1007/978-3-540-87481-2_21",
  url="http://dx.doi.org/10.1007/978-3-540-87481-2_21"
}
